@book{Goldreich:2006:FCV:1202577,
 author = {Goldreich, Oded},
 title = {Foundations of Cryptography: Volume 1},
 year = {2006},
 isbn = {0521035368},
 publisher = {Cambridge University Press},
 address = {New York, NY, USA},
} 

@book{Katz:2007:IMC:1206501,
 author = {Katz, Jonathan and Lindell, Yehuda},
 title = {Introduction to Modern Cryptography (Chapman \& Hall/Crc Cryptography and Network Security Series)},
 year = {2007},
 isbn = {1584885513},
 publisher = {Chapman \& Hall/CRC},
} 

@article{JPB,
  author    = {Jean Degabriele and Pooya Farshim and Bertram Poettering},
  title     = {A More Cautious Approach to Security Against Mass Survillance},
  journal   = {Fast Software Encryption - (FSE), 22nd International Workshop on Fast Software Encryption},
  year      = {2015},
}


@inproceedings{DBLP:conf/eurocrypt/YoungY97,
  author    = {Adam L. Young and
               Moti Yung},
  title     = {Kleptography: Using Cryptography Against Cryptography},
  booktitle = {Advances in Cryptology - {EUROCRYPT} '97, International Conference
               on the Theory and Application of Cryptographic Techniques, Konstanz,
               Germany, May 11-15, 1997, Proceeding},
  pages     = {62--74},
  year      = {1997},
  url       = {http://dx.doi.org/10.1007/3-540-69053-0_6},
  doi       = {10.1007/3-540-69053-0_6},
  timestamp = {Sun, 15 Jan 2012 10:18:41 +0100},
  biburl    = {http://dblp.uni-trier.de/rec/bib/conf/eurocrypt/YoungY97},
  bibsource = {dblp computer science bibliography, http://dblp.org}
}

@inproceedings{DBLP:conf/ches/YoungY01,
  author    = {Adam L. Young and
               Moti Yung},
  title     = {Bandwidth-Optimal Kleptographic Attacks},
  booktitle = {Cryptographic Hardware and Embedded Systems - {CHES} 2001, Third International
               Workshop, Paris, France, May 14-16, 2001, Proceedings},
  number    = {Generators},
  pages     = {235--250},
  year      = {2001},
  url       = {http://dx.doi.org/10.1007/3-540-44709-1_20},
  doi       = {10.1007/3-540-44709-1_20},
  timestamp = {Sun, 15 Jan 2012 10:18:13 +0100},
  biburl    = {http://dblp.uni-trier.de/rec/bib/conf/ches/YoungY01},
  bibsource = {dblp computer science bibliography, http://dblp.org}
}

@inproceedings{DBLP:conf/crypto/YoungY97,
  author    = {Adam L. Young and
               Moti Yung},
  title     = {The Prevalence of Kleptographic Attacks on Discrete-Log Based Cryptosystems},
  booktitle = {Advances in Cryptology - {CRYPTO} '97, 17th Annual International Cryptology
               Conference, Santa Barbara, California, USA, August 17-21, 1997, Proceedings},
  pages     = {264--276},
  year      = {1997},
  url       = {http://dx.doi.org/10.1007/BFb0052241},
  doi       = {10.1007/BFb0052241},
  timestamp = {Sun, 15 Jan 2012 10:18:39 +0100},
  biburl    = {http://dblp.uni-trier.de/rec/bib/conf/crypto/YoungY97},
  bibsource = {dblp computer science bibliography, http://dblp.org}
}

@inproceedings{DBLP:conf/crypto/Desmedt88,
  author    = {Yvo Desmedt},
  title     = {Abuses in Cryptography and How to Fight Them},
  booktitle = {Advances in Cryptology - {CRYPTO} '88, 8th Annual International Cryptology
               Conference, Santa Barbara, California, USA, August 21-25, 1988, Proceedings},
  pages     = {375--389},
  year      = {1988},
  url       = {http://dx.doi.org/10.1007/0-387-34799-2_29},
  doi       = {10.1007/0-387-34799-2_29},
  timestamp = {Fri, 18 Sep 2009 08:51:10 +0200},
  biburl    = {http://dblp.uni-trier.de/rec/bib/conf/crypto/Desmedt88},
  bibsource = {dblp computer science bibliography, http://dblp.org}
}

@inproceedings{DBLP:conf/ih/BurmesterDISSY96,
  author    = {Mike Burmester and
               Yvo Desmedt and
               Toshiya Itoh and
               Kouichi Sakurai and
               Hiroki Shizuya and
               Moti Yung},
  title     = {A Progress Report on Subliminal-Free Channels},
  booktitle = {Information Hiding, First International Workshop, Cambridge, U.K.,
               May 30 - June 1, 1996, Proceedings},
  pages     = {157--168},
  year      = {1996},
  url       = {http://dx.doi.org/10.1007/3-540-61996-8_39},
  doi       = {10.1007/3-540-61996-8_39},
  timestamp = {Mon, 27 Jun 2011 15:26:14 +0200},
  biburl    = {http://dblp.uni-trier.de/rec/bib/conf/ih/BurmesterDISSY96},
  bibsource = {dblp computer science bibliography, http://dblp.org}
}

@inproceedings{DBLP:conf/eurocrypt/BlazeBS98,
  author    = {Matt Blaze and
               Gerrit Bleumer and
               Martin Strauss},
  title     = {Divertible Protocols and Atomic Proxy Cryptography},
  booktitle = {Advances in Cryptology - {EUROCRYPT} '98, International Conference
               on the Theory and Application of Cryptographic Techniques, Espoo,
               Finland, May 31 - June 4, 1998, Proceeding},
  pages     = {127--144},
  year      = {1998},
  url       = {http://dx.doi.org/10.1007/BFb0054122},
  doi       = {10.1007/BFb0054122},
  timestamp = {Fri, 23 Dec 2011 14:54:26 +0100},
  biburl    = {http://dblp.uni-trier.de/rec/bib/conf/eurocrypt/BlazeBS98},
  bibsource = {dblp computer science bibliography, http://dblp.org}
}

@incollection{BD91,
year={1991},
isbn={978-3-540-53587-4},
booktitle={Advances in Cryptology — EUROCRYPT ’90},
volume={473},
series={Lecture Notes in Computer Science},
editor={Damgård, IvanBjerre},
doi={10.1007/3-540-46877-3_1},
title={All Languages in NP Have Divertible Zero-Knowledge Proofs and Arguments Under Cryptographic Assumptions},
url={http://dx.doi.org/10.1007/3-540-46877-3_1},
publisher={Springer Berlin Heidelberg},
author={Burmester, MikeV.D. and Desmedt, Yvo},
pages={1-10},
language={English},
}

@article {sim94,
author = {Simmons, Gustavus J.},
title = {Subliminal channels; past and present},
journal = {European Transactions on Telecommunications},
volume = {5},
number = {4},
publisher = {Wiley Subscription Services, Inc., A Wiley Company},
issn = {1541-8251},
url = {http://dx.doi.org/10.1002/ett.4460050408},
doi = {10.1002/ett.4460050408},
pages = {459--474},
year = {1994},
}


@incollection{sim85,
year={1985},
isbn={978-3-540-16076-2},
booktitle={Advances in Cryptology},
volume={209},
series={Lecture Notes in Computer Science},
editor={Beth, Thomas and Cot, Norbert and Ingemarsson, Ingemar},
doi={10.1007/3-540-39757-4_25},
title={The Subliminal Channel and Digital Signatures},
url={http://dx.doi.org/10.1007/3-540-39757-4_25},
publisher={Springer Berlin Heidelberg},
author={Simmons, GustavusJ.},
pages={364-378},
language={English}
}

@misc{UCC,
    title = {Underhanded Crypto Contest},
    year = {2014},
    note = {\url{https://underhandedcrypto.com/}},
}

@Article{Obfuscated,
	author = {Jakob Møllerhøj},
    title = {Smugkig på lukket test: Se en demo af NemID Javascript her (Danish)},
    journal = {Version 2},
    year = {June 2014},s
    note = {\url{http://www.version2.dk/artikel/se-en-demo-af-nemid-javascript-her-58961}},
}

@misc{NemID,
    title = {NemID},
    howpublished = {\url{https://www.nemid.nu/dk-en/}},
}

https://www.nemid.nu/dk-en/
@Article{articlee,
	author = {J. Ball, J. Borger, and G. Greenwald. Revealed},
	title = {How US and UK spy agencies defeat internet security and privacy},
	journal = {The Guardian},
	year = {September 2013},
    note = {\url{http://www.theguardian.com/world/2013/sep/05/nsa-gchq-encryption-codes-security}}
}

@Article{PLS,
author = {Nicole Perlroth, Jeff Larson, and Scott Shane},
title = {N.S.A able to foil basic safeguards of privacy on Web},
journal = {The New York Times},
year = {September 2013},
}

@Article{BBG,
author = {James Ball, Julian Borger, and Glenn Greenwald},
title = {Revealed: how US and UK spy agencies defeat internet privacy and security},
journal = {Guardian Weekly},
year = {September 2013},
}

@Article{Gre,
author = {Glenn Greenwald},
title = {No Place to Hide: Edward Snowden, the NSA, and the U.S. Surveillance State},
journal = {Metropolitan Books},
year = {May 2013},
}

@inproceedings{LHA,
year={2012},
isbn={978-3-642-32008-8},
booktitle={Advances in Cryptology – CRYPTO 2012},
volume={7417},
series={Lecture Notes in Computer Science},
editor={Safavi-Naini, Reihaneh and Canetti, Ran},
doi={10.1007/978-3-642-32009-5_37},
title={Public Keys},
url={http://dx.doi.org/10.1007/978-3-642-32009-5_37},
publisher={Springer Berlin Heidelberg},
pages={626-642},
language={English}
}

@misc{CVE1,
    title = {Vulnerability summary for CVE-2014-1260 (Heardbleed)},
    howpublished = {\url{http://cve.mitre.org/cgi-bin/cvename.cgi?name=CVE-2014-1260}},
    year = {April 2014},
}

@misc{CVE2,
    title = {Vulnerability summary for CVE-2014-1266 (Goto Fail)},
    howpublished = {\url{http://cve.mitre.org/cgi-bin/cvename.cgi?name=CVE-2014-1266}},
    year = {February 2014},
}

@misc{CVE3,
    title = {Vulnerability summary for CVE-2014-6271 (Shellshock)},
    howpublished = {\url{http://cve.mitre.org/cgi-bin/cvename.cgi?name=CVE-2014-6271}},
    year = {September 2014},
}

@misc{cryptoeprint:2015:683,
    author = {Irene Giacomelli and Ruxandra F. Olimid and Samuel Ranellucci},
    title = {Security of Linear Secret-Sharing Schemes against Mass Surveillance},
    howpublished = {Cryptology ePrint Archive, Report 2015/683},
    year = {2015},
    note = {\url{http://eprint.iacr.org/}},
}

@inproceedings{DBLP:conf/eurocrypt/MironovS15,
  author    = {Ilya Mironov and
               Noah Stephens{-}Davidowitz},
  title     = {Cryptographic Reverse Firewalls},
  booktitle = {Advances in Cryptology - {EUROCRYPT} 2015 - 34th Annual International
               Conference on the Theory and Applications of Cryptographic Techniques,
               Sofia, Bulgaria, April 26-30, 2015, Proceedings, Part {II}},
  pages     = {657--686},
  year      = {2015},
  url       = {http://dx.doi.org/10.1007/978-3-662-46803-6_22},
  doi       = {10.1007/978-3-662-46803-6_22},
  timestamp = {Tue, 14 Apr 2015 13:59:22 +0200},
  biburl    = {http://dblp.uni-trier.de/rec/bib/conf/eurocrypt/MironovS15},
  bibsource = {dblp computer science bibliography, http://dblp.org}
}

@misc{cryptoeprint:2015:517,
    author = {Giuseppe Ateniese and Bernardo Magri and Daniele Venturi},
    title = {Subversion-Resilient Signature Schemes},
    howpublished = {Cryptology ePrint Archive, Report 2015/517},
    year = {2015},
    note = {\url{http://eprint.iacr.org/}},
}

@inproceedings{DBLP:conf/eurocrypt/DodisGGJR15,
  author    = {Yevgeniy Dodis and
               Chaya Ganesh and
               Alexander Golovnev and
               Ari Juels and
               Thomas Ristenpart},
  title     = {A Formal Treatment of Backdoored Pseudorandom Generators},
  booktitle = {Advances in Cryptology - {EUROCRYPT} 2015 - 34th Annual International
               Conference on the Theory and Applications of Cryptographic Techniques,
               Sofia, Bulgaria, April 26-30, 2015, Proceedings, Part {I}},
  pages     = {101--126},
  year      = {2015},
  url       = {http://dx.doi.org/10.1007/978-3-662-46800-5_5},
  doi       = {10.1007/978-3-662-46800-5_5},
  timestamp = {Tue, 14 Apr 2015 13:51:12 +0200},
  biburl    = {http://dblp.uni-trier.de/rec/bib/conf/eurocrypt/DodisGGJR15},
  bibsource = {dblp computer science bibliography, http://dblp.org}
}


@misc{safecurves,
author = {Bernstein, Daniel J. and Tanja Lange},
title = {Choosing Safe Curves for Elliptic-Curve Cryptography},
note = {Accessed: 2015-30-05},
howpublished = {\url{http://safecurves.cr.yp.to/}}
}

@book{Katz:2014:IMC:2700550,
 author = {Katz, Jonathan and Lindell, Yehuda},
 title = {Introduction to Modern Cryptography, Second Edition},
 year = {2014},
 isbn = {1466570261, 9781466570269},
 edition = {2nd},
 publisher = {Chapman \& Hall/CRC},
} 

@inproceedings{DBLP:conf/crypto/YoungY96,
  author    = {Adam L. Young and
               Moti Yung},
  title     = {The Dark Side of "Black-Box" Cryptography, or: Should We Trust Capstone?},
  booktitle = {Advances in Cryptology - {CRYPTO} '96, 16th Annual International Cryptology
               Conference, Santa Barbara, California, USA, August 18-22, 1996, Proceedings},
  pages     = {89--103},
  year      = {1996},
  url       = {http://dx.doi.org/10.1007/3-540-68697-5_8},
  doi       = {10.1007/3-540-68697-5_8},
  timestamp = {Sun, 15 Jan 2012 10:18:48 +0100},
  biburl    = {http://dblp.uni-trier.de/rec/bib/conf/crypto/YoungY96},
  bibsource = {dblp computer science bibliography, http://dblp.org}
}

@inproceedings{Regev05,
  author    = {Oded Regev},
  title     = {On lattices, learning with errors, random linear codes, and cryptography},
  booktitle = {Proceedings of the 37th Annual {ACM} Symposium on Theory of Computing,
               Baltimore, MD, USA, May 22-24, 2005},
  pages     = {84--93},
  year      = {2005},
  url       = {http://doi.acm.org/10.1145/1060590.1060603},
  doi       = {10.1145/1060590.1060603},
  timestamp = {Wed, 15 Feb 2006 09:55:49 +0100},
  biburl    = {http://dblp1.uni-trier.de/rec/bib/conf/stoc/Regev05},
  bibsource = {dblp computer science bibliography, http://dblp.org}
}

@inproceedings{Bernstein2014,
author = {Stephen Checkoway and Ruben Niederhagen and Adam Everspaugh and Matthew Green and Tanja Lange and Thomas Ristenpart and Daniel J. Bernstein and Jake Maskiewicz and Hovav Shacham and Matthew Fredrikson},
title = {On the Practical Exploitability of Dual EC in TLS Implementations},
booktitle = {23rd USENIX Security Symposium (USENIX Security 14)},
year = {2014},
month = Aug,
isbn = {978-1-931971-15-7},
address = {San Diego, CA},
pages = {319--335},
url = {https://www.usenix.org/conference/usenixsecurity14/technical-sessions/presentation/checkoway},
publisher = {USENIX Association},
}

@inproceedings{DBLP:secSym,
  author    = {Mihir Bellare and
               Kenneth G. Paterson and
               Phillip Rogaway},
  title     = {Security of Symmetric Encryption against Mass Surveillance},
  booktitle = {Advances in Cryptology - {CRYPTO} 2014 - 34th Annual Cryptology Conference,
               Santa Barbara, CA, USA, August 17-21, 2014, Proceedings, Part {I}},
  year      = {2014},
  pages     = {1--19},
  url       = {http://dx.doi.org/10.1007/978-3-662-44371-2_1},
  doi       = {10.1007/978-3-662-44371-2_1},
  timestamp = {Sun, 26 Oct 2014 14:51:06 +0100},
  biburl    = {http://dblp.uni-trier.de/rec/bib/conf/crypto/BellarePR14},
  bibsource = {dblp computer science bibliography, http://dblp.org}
}

